%YAML 1.1
%TAG !u! tag:unity3d.com,2011:
--- !u!1001 &100100000
Prefab:
  m_ObjectHideFlags: 1
  serializedVersion: 2
  m_Modification:
    m_TransformParent: {fileID: 0}
    m_Modifications: []
    m_RemovedComponents: []
  m_ParentPrefab: {fileID: 0}
  m_RootGameObject: {fileID: 1611218741125926}
  m_IsPrefabParent: 1
--- !u!1 &1611218741125926
GameObject:
  m_ObjectHideFlags: 0
  m_PrefabParentObject: {fileID: 0}
  m_PrefabInternal: {fileID: 100100000}
  serializedVersion: 5
  m_Component:
  - component: {fileID: 4079270496396646}
  - component: {fileID: 20058603480155584}
  - component: {fileID: 124914726230453426}
  - component: {fileID: 81296736623906982}
  - component: {fileID: 114500063139429650}
  - component: {fileID: 114313216896029710}
  - component: {fileID: 114059171221424888}
  - component: {fileID: 114402106778385576}
  - component: {fileID: 114193526230645076}
  - component: {fileID: 114295870282787250}
  m_Layer: 0
  m_Name: PostProcessCamera
  m_TagString: MainCamera
  m_Icon: {fileID: 0}
  m_NavMeshLayer: 0
  m_StaticEditorFlags: 0
  m_IsActive: 1
--- !u!4 &4079270496396646
Transform:
  m_ObjectHideFlags: 1
  m_PrefabParentObject: {fileID: 0}
  m_PrefabInternal: {fileID: 100100000}
  m_GameObject: {fileID: 1611218741125926}
  m_LocalRotation: {x: -0.008883156, y: -0.9795751, z: 0.044416107, w: -0.19591078}
  m_LocalPosition: {x: -2.9426994, y: 4.1549344, z: 7.734314}
  m_LocalScale: {x: 1, y: 1, z: 1}
  m_Children: []
  m_Father: {fileID: 0}
  m_RootOrder: 0
  m_LocalEulerAnglesHint: {x: 0, y: 0, z: 0}
--- !u!20 &20058603480155584
Camera:
  m_ObjectHideFlags: 1
  m_PrefabParentObject: {fileID: 0}
  m_PrefabInternal: {fileID: 100100000}
  m_GameObject: {fileID: 1611218741125926}
  m_Enabled: 1
  serializedVersion: 2
  m_ClearFlags: 1
  m_BackGroundColor: {r: 0.19215687, g: 0.3019608, b: 0.4745098, a: 0}
  m_NormalizedViewPortRect:
    serializedVersion: 2
    x: 0
    y: 0
    width: 1
    height: 1
  near clip plane: 0.3
  far clip plane: 1000
  field of view: 60
  orthographic: 0
  orthographic size: 5
  m_Depth: -1
  m_CullingMask:
    serializedVersion: 2
    m_Bits: 4294967295
  m_RenderingPath: 3
  m_TargetTexture: {fileID: 0}
  m_TargetDisplay: 0
  m_TargetEye: 3
  m_HDR: 1
  m_AllowMSAA: 1
  m_ForceIntoRT: 1
  m_OcclusionCulling: 1
  m_StereoConvergence: 10
  m_StereoSeparation: 0.022
--- !u!81 &81296736623906982
AudioListener:
  m_ObjectHideFlags: 1
  m_PrefabParentObject: {fileID: 0}
  m_PrefabInternal: {fileID: 100100000}
  m_GameObject: {fileID: 1611218741125926}
  m_Enabled: 1
--- !u!114 &114059171221424888
MonoBehaviour:
  m_ObjectHideFlags: 1
  m_PrefabParentObject: {fileID: 0}
  m_PrefabInternal: {fileID: 100100000}
  m_GameObject: {fileID: 1611218741125926}
  m_Enabled: 1
  m_EditorHideFlags: 0
  m_Script: {fileID: 11500000, guid: 58f8c9f8841925c47b928fc9bf2cb03a, type: 3}
  m_Name: 
  m_EditorClassIdentifier: 
  sun: {fileID: 0}
  blendStrength: 0.683
  accumulation: 0.9
  lengthFade: 0.7
  range: 0.7
  zThickness: 0.1
  samples: 32
  nearSampleQuality: 1.5
  traceBias: 0.03
  stochasticSampling: 1
  leverageTemporalAA: 0
  bilateralBlur: 1
  blurPasses: 1
  blurDepthTolerance: 0.1
--- !u!114 &114193526230645076
MonoBehaviour:
  m_ObjectHideFlags: 1
  m_PrefabParentObject: {fileID: 0}
  m_PrefabInternal: {fileID: 100100000}
  m_GameObject: {fileID: 1611218741125926}
  m_Enabled: 1
  m_EditorHideFlags: 0
  m_Script: {fileID: 11500000, guid: 8b9a305e18de0c04dbd257a21cd47087, type: 3}
  m_Name: 
  m_EditorClassIdentifier: 
  sharedProfile: {fileID: 11400000, guid: 5628e13c84269904fb5b5f1a7bf74cf5, type: 2}
  isGlobal: 1
  blendDistance: 0
  weight: 1
  priority: 0
--- !u!114 &114295870282787250
MonoBehaviour:
  m_ObjectHideFlags: 1
  m_PrefabParentObject: {fileID: 0}
  m_PrefabInternal: {fileID: 100100000}
  m_GameObject: {fileID: 1611218741125926}
  m_Enabled: 1
  m_EditorHideFlags: 0
  m_Script: {fileID: 11500000, guid: 914d865d1e3e9429ba78b8735e5bb2d5, type: 3}
  m_Name: 
  m_EditorClassIdentifier: 
  enableInputCapture: 1
  holdRightMouseCapture: 0
  lookSpeed: 5
  moveSpeed: 5
  sprintSpeed: 50
--- !u!114 &114313216896029710
MonoBehaviour:
  m_ObjectHideFlags: 1
  m_PrefabParentObject: {fileID: 0}
  m_PrefabInternal: {fileID: 100100000}
  m_GameObject: {fileID: 1611218741125926}
  m_Enabled: 1
  m_EditorHideFlags: 0
  m_Script: {fileID: 11500000, guid: 9b8c208e531a26a41a4629789f4a706a, type: 3}
  m_Name: 
  m_EditorClassIdentifier: 
  m_maskTexture: {fileID: 0}
  m_targetTexture: {fileID: 0}
  m_showDebugMessages: 1
  m_softMaxdownscales: 6
  m_debugToScreen: 0
  m_highPrecision: 0
  m_bloomRange: {x: 500, y: 0.002, z: 0, w: 0}
  m_overallThreshold: 0.8
  m_bloomParams: {x: 1, y: 0.8, z: 1, w: 1}
  m_temporalFilteringActive: 0
  m_temporalFilteringValue: 0.05
  m_bloomDownsampleCount: 6
  m_temporalFilteringCurve:
    serializedVersion: 2
    m_Curve:
    - serializedVersion: 2
      time: 0
      value: 0
      inSlope: 0
      outSlope: 0
      tangentMode: 0
    - serializedVersion: 2
      time: 1
      value: 0.999
      inSlope: 0
      outSlope: 0
      tangentMode: 0
    m_PreInfinity: 2
    m_PostInfinity: 2
    m_RotationOrder: 4
  m_separateFeaturesThreshold: 0
  m_featuresThreshold: 0.05
  m_lensFlare:
    m_overallIntensity: 1
    m_normalizedGhostIntensity: 0.8
    m_normalizedHaloIntensity: 0.1
    m_applyLensFlare: 1
    m_lensFlareGhostAmount: 3
    m_lensFlareGhostsParams: {x: 0.8, y: 0.228, z: 1, w: 4}
    m_lensFlareGhostChrDistortion: 2
    m_lensGradient:
      serializedVersion: 2
      key0: {r: 1, g: 1, b: 1, a: 1}
      key1: {r: 0, g: 0, b: 1, a: 1}
      key2: {r: 0, g: 1, b: 0, a: 1}
      key3: {r: 1, g: 0.92156863, b: 0.015686275, a: 1}
      key4: {r: 1, g: 0, b: 0, a: 1}
      key5: {r: 0, g: 0, b: 0, a: 0}
      key6: {r: 0, g: 0, b: 0, a: 0}
      key7: {r: 0, g: 0, b: 0, a: 0}
      ctime0: 0
      ctime1: 16384
      ctime2: 32768
      ctime3: 49151
      ctime4: 65535
      ctime5: 0
      ctime6: 0
      ctime7: 0
      atime0: 0
      atime1: 16384
      atime2: 32768
      atime3: 49151
      atime4: 65535
      atime5: 0
      atime6: 0
      atime7: 0
      m_Mode: 0
      m_NumColorKeys: 5
      m_NumAlphaKeys: 5
    m_lensFlareGradTexture: {fileID: 0}
    m_lensFlareHaloParams: {x: 0.1, y: 0.573, z: 1, w: 128}
    m_lensFlareHaloChrDistortion: 1.51
    m_lensFlareGaussianBlurAmount: 1
  m_applyLensDirt: 1
  m_lensDirtStrength: 2
  m_lensDirtTexture: {fileID: 2800000, guid: 7825356d1f1778140ad12b5dfe6b4d41, type: 3}
  m_applyLensStardurst: 1
  m_lensStardurstTex: {fileID: 2800000, guid: c2216a0fed1c98742b826a85db28021c, type: 3}
  m_lensStarburstStrength: 2
  m_anamorphicGlare:
    m_customGlareDef: []
    m_customGlareDefIdx: 0
    m_customGlareDefAmount: 0
    m_applyGlare: 1
    _overallTint: {r: 1, g: 1, b: 1, a: 1}
    m_cromaticAberrationGrad:
      serializedVersion: 2
      key0: {r: 1, g: 1, b: 1, a: 1}
      key1: {r: 0, g: 0, b: 1, a: 1}
      key2: {r: 0, g: 1, b: 0, a: 1}
      key3: {r: 1, g: 0.92156863, b: 0.015686275, a: 1}
      key4: {r: 1, g: 0, b: 0, a: 1}
      key5: {r: 0, g: 0, b: 0, a: 0}
      key6: {r: 0, g: 0, b: 0, a: 0}
      key7: {r: 0, g: 0, b: 0, a: 0}
      ctime0: 0
      ctime1: 16384
      ctime2: 32768
      ctime3: 49151
      ctime4: 65535
      ctime5: 0
      ctime6: 0
      ctime7: 0
      atime0: 0
      atime1: 16384
      atime2: 32768
      atime3: 49151
      atime4: 65535
      atime5: 0
      atime6: 0
      atime7: 0
      m_Mode: 0
      m_NumColorKeys: 5
      m_NumAlphaKeys: 5
    m_glareMaxPassCount: 4
    m_currentWidth: 556
    m_currentHeight: 319
    m_currentGlareType: 0
    m_currentGlareIdx: 0
    m_perPassDisplacement: 4
    m_intensity: 0.17
    m_overallStreakScale: 1
  m_bokehFilter:
    m_isActive: 0
    m_applyOnBloomSource: 0
    m_bokehSampleRadius: 0.5
    m_bokehCameraProperties: {x: 0.05, y: 0.018, z: 1.34, w: 0.18}
    m_offsetRotation: 0
    m_apertureShape: 1
  m_upscaleWeights:
  - 0.0842
  - 0.1282
  - 0.1648
  - 0.2197
  - 0.2197
  - 0.1831
  m_gaussianRadius:
  - 1
  - 1
  - 1
  - 1
  - 1
  - 1
  m_gaussianSteps: 010000000100000001000000010000000100000001000000
  m_lensDirtWeights:
  - 0.067
  - 0.102
  - 0.1311
  - 0.1749
  - 0.2332
  - 0.3
  m_lensStarburstWeights:
  - 0.067
  - 0.102
  - 0.1311
  - 0.1749
  - 0.2332
  - 0.3
  m_downscaleSettingsFoldout: 000000000000
  m_featuresSourceId: 0
  m_upscaleQuality: 0
  m_mainThresholdSize: 0
--- !u!114 &114402106778385576
MonoBehaviour:
  m_ObjectHideFlags: 1
  m_PrefabParentObject: {fileID: 0}
  m_PrefabInternal: {fileID: 100100000}
  m_GameObject: {fileID: 1611218741125926}
  m_Enabled: 1
  m_EditorHideFlags: 0
  m_Script: {fileID: 11500000, guid: 948f4100a11a5c24981795d21301da5c, type: 3}
  m_Name: 
  m_EditorClassIdentifier: 
  volumeTrigger: {fileID: 4079270496396646}
  volumeLayer:
    serializedVersion: 2
    m_Bits: 4294967295
  stopNaNPropagation: 1
  antialiasingMode: 1
  temporalAntialiasing:
    jitterSpread: 0.75
    sharpness: 0.25
    stationaryBlending: 0.95
    motionBlending: 0.85
  fastApproximateAntialiasing:
    mobileOptimized: 0
    keepAlpha: 0
  fog:
    enabled: 1
    excludeSkybox: 1
  debugLayer:
    lightMeter:
      width: 512
      height: 256
      showCurves: 1
    histogram:
      width: 512
      height: 256
      channel: 3
    waveform:
      exposure: 0.12
      height: 256
    vectorscope:
      size: 256
      exposure: 0.12
    overlaySettings:
      motionColorIntensity: 4
      motionGridSize: 64
      colorBlindnessType: 0
      colorBlindnessStrength: 1
  m_Resources: {fileID: 11400000, guid: d82512f9c8e5d4a4d938b575d47f88d4, type: 2}
  m_ShowToolkit: 0
  m_ShowCustomSorter: 0
  breakBeforeColorGrading: 0
  m_BeforeTransparentBundles: []
  m_BeforeStackBundles: []
  m_AfterStackBundles: []
--- !u!114 &114500063139429650
MonoBehaviour:
  m_ObjectHideFlags: 1
  m_PrefabParentObject: {fileID: 0}
  m_PrefabInternal: {fileID: 100100000}
  m_GameObject: {fileID: 1611218741125926}
  m_Enabled: 1
  m_EditorHideFlags: 0
  m_Script: {fileID: 11500000, guid: 6a879e317c20b0d41a9a56f1a97f4cf8, type: 3}
  m_Name: 
  m_EditorClassIdentifier: 
  ApplyMethod: 0
  SampleCount: 1
  PerPixelNormals: 0
  Intensity: 1
  Tint: {r: 0, g: 0, b: 0, a: 1}
  Radius: 0.3
  PowerExponent: 1.08
  Bias: 0.05
  CacheAware: 0
  Downsample: 0
  FadeEnabled: 0
  FadeStart: 100
  FadeLength: 50
  FadeToIntensity: 1
  FadeToRadius: 1
  FadeToPowerExponent: 1.8
  BlurEnabled: 1
  BlurRadius: 2
  BlurPasses: 1
  BlurSharpness: 10
--- !u!124 &124914726230453426
Behaviour:
  m_ObjectHideFlags: 1
  m_PrefabParentObject: {fileID: 0}
  m_PrefabInternal: {fileID: 100100000}
  m_GameObject: {fileID: 1611218741125926}
  m_Enabled: 1
